<?xml version="1.0" encoding="UTF-8"  standalone="yes"?>
<PcGts xmlns="http://schema.primaresearch.org/PAGE/gts/pagecontent/2019-07-15" xmlns:xsi="http://www.w3.org/2001/XMLSchema-instance" xsi:schemaLocation="http://schema.primaresearch.org/PAGE/gts/pagecontent/2019-07-15 http://schema.primaresearch.org/PAGE/gts/pagecontent/2019-07-15/pagecontent.xsd">
  <Metadata externalRef="pdf//P189-194_PV_comm_admin_Bel-Air_1907-1916.pdf">
	<Creator>escriptorium</Creator>
	<Created>2026-01-19T10:37:03.914196+00:00</Created>
        <LastChange>2026-01-28T09:33:52.959368+00:00</LastChange>
  </Metadata>
  <Page imageFilename="P189-194_PV_comm_admin_Bel-Air_1907-1916.pdf_page_7.png" imageWidth="2550" imageHeight="3300">
    <TextRegion id="eSc_textblock_dfe95dcf"  custom="structure {type:TitlePageZone;}">
      <Coords points="971,321 932,474 1909,489 1909,321"/>
      <TextLine id="eSc_line_21bc93ed" custom="structure {type:HeadingLine;}">
        <Coords points="998,398 995,426 1394,445 1397,445 1655,434 1658,412 1655,365 1576,352 1573,352 1570,352 1526,371 1477,352 1474,352 1471,352 1468,352 1466,352 1466,354 1449,371 1400,371 1375,349 1375,346 1372,346 1369,346 1367,346 1364,346 1312,365 1078,363 1059,343 1059,341 1056,341 1053,341 998,338 998,398"/>
        <Baseline points="999,401 1661,414"/>
        <TextEquiv>
          <Unicode>Séance du 8 juin 1915</Unicode>
        </TextEquiv>
      </TextLine>
    </TextRegion>
    <TextRegion id="eSc_textblock_3f21d506"  custom="structure {type:text;}">
      <Coords points="799,478 799,731 2226,731 2230,493"/>
      <TextLine id="eSc_line_1cdc09a2" custom="structure {type:default;}">
        <Coords points="888,580 1914,577 1917,552 1906,492 1837,508 1799,492 1796,492 1793,492 1644,511 1556,492 1554,492 1279,511 1221,489 1218,489 1215,489 1213,489 1210,489 1177,511 1039,511 973,489 971,489 968,489 965,489 962,489 962,492 943,508 894,489 891,547 888,580"/>
        <Baseline points="894,548 1382,566 1918,555"/>
        <TextEquiv>
          <Unicode>Présidence M^r. Le Conseiller d&#x27;Etat Mussard</Unicode>
        </TextEquiv>
      </TextLine>
      <TextLine id="eSc_line_85a44d5c" custom="structure {type:default;}">
        <Coords points="938,621 938,654 1015,671 1094,657 1306,671 2181,654 2181,624 2175,572 2101,566 2035,585 2016,569 2016,566 1942,566 1887,588 1763,588 1735,566 1639,583 1620,566 1609,566 1565,591 1422,591 1372,569 1364,569 1317,588 1276,569 1268,569 1229,591 1127,591 1086,569 1078,569 1028,588 935,569 938,621"/>
        <Baseline points="939,624 1384,640 2184,626"/>
        <TextEquiv>
          <Unicode>Sont présents : MM. Mussard, M. Falquet, M^.Mégévand</Unicode>
        </TextEquiv>
      </TextLine>
      <TextLine id="eSc_line_36d67660" custom="structure {type:default;}">
        <Coords points="874,695 872,731 1700,734 1705,709 1702,671 1587,657 1584,657 1581,657 1540,671 1507,654 1504,654 1501,654 1499,654 1468,668 1455,654 1455,651 1452,651 1449,651 1446,651 1444,651 1400,668 1218,668 1138,646 1136,646 1133,646 1037,662 874,646 874,695"/>
        <Baseline points="876,696 1708,711"/>
        <TextEquiv>
          <Unicode>Perthon, Besson, M^r. Weber et Couchet</Unicode>
        </TextEquiv>
      </TextLine>
    </TextRegion>
    <TextRegion id="eSc_textblock_cd919337"  custom="structure {type:MarginTextZone;}">
      <Coords points="433,816 433,909 780,909 780,791"/>
      <TextLine id="eSc_line_2ce00fad" custom="structure {type:CustomLine;}">
        <Coords points="723,794 695,797 668,797 640,800 629,800 627,805 558,805 530,808 503,811 475,811 448,811 453,863 453,888 750,871 750,847 742,792 723,794"/>
        <Baseline points="456,866 752,849"/>
        <TextEquiv>
          <Unicode>Accident Eberli</Unicode>
        </TextEquiv>
      </TextLine>
    </TextRegion>
    <TextRegion id="eSc_textblock_8f517ef5"  custom="structure {type:MarginTextZone;}">
      <Coords points="422,1020 418,1159 816,1159 786,1014 566,1017"/>
      <TextLine id="eSc_line_4b490098" custom="structure {type:CustomLine;}">
        <Coords points="426,1091 426,1141 778,1130 778,1083 772,1045 657,1023 654,1023 651,1023 649,1023 613,1045 486,1025 484,1025 481,1025 423,1045 426,1091"/>
        <Baseline points="429,1093 780,1084"/>
        <TextEquiv>
          <Unicode>M^me. Rey - pension</Unicode>
        </TextEquiv>
      </TextLine>
    </TextRegion>
    <TextRegion id="eSc_textblock_9ab7c4af"  custom="structure {type:MarginTextZone;}">
      <Coords points="431,1258 431,1371 784,1371 784,1258"/>
      <TextLine id="eSc_line_1a177659" custom="structure {type:CustomLine;}">
        <Coords points="580,1259 552,1259 525,1259 497,1259 470,1259 442,1259 442,1309 442,1358 750,1358 750,1309 750,1267 596,1259 580,1259"/>
        <Baseline points="444,1311 752,1309"/>
        <TextEquiv>
          <Unicode>Chaudières, offres</Unicode>
        </TextEquiv>
      </TextLine>
    </TextRegion>
    <TextRegion id="eSc_textblock_a5554c32"  custom="structure {type:MarginTextZone;}">
      <Coords points="412,1695 431,1474 821,1483 829,1697 463,1695"/>
      <TextLine id="eSc_line_0b37e74a" custom="structure {type:CustomLine;}">
        <Coords points="640,1479 492,1496 440,1476 437,1537 434,1581 805,1575 808,1540 805,1498 643,1479 640,1479"/>
        <Baseline points="439,1539 501,1539 810,1541"/>
        <TextEquiv>
          <Unicode>Rapport du directeur</Unicode>
        </TextEquiv>
      </TextLine>
      <TextLine id="eSc_line_1228c398" custom="structure {type:CustomLine;}">
        <Coords points="453,1614 453,1636 783,1639 786,1611 778,1564 451,1578 453,1614"/>
        <Baseline points="456,1616 789,1614"/>
        <TextEquiv>
          <Unicode>&quot; de l&#x27;Econome</Unicode>
        </TextEquiv>
      </TextLine>
    </TextRegion>
    <TextRegion id="eSc_textblock_acf1b30f"  custom="structure {type:MainZone;}">
      <Coords points="842,735 861,3051 2244,3051 2244,735"/>
      <TextLine id="eSc_line_cee6abb9" custom="structure {type:default;}">
        <Coords points="2082,737 2054,737 2027,737 1999,737 1972,737 1944,737 1917,737 1889,737 1862,737 1834,737 1807,737 1779,737 1752,737 1724,737 1697,737 1669,737 1642,737 1614,737 1587,737 1559,737 1532,737 1504,737 1477,737 1449,737 1422,737 1394,737 1367,737 1339,737 1312,737 1284,737 1257,737 1229,737 1202,737 1174,737 1147,737 1119,737 1092,737 1064,737 1037,737 1009,737 982,737 954,737 927,737 929,772 929,808 2109,808 2112,775 2107,737 2082,737"/>
        <Baseline points="930,774 1449,793 2115,778"/>
        <TextEquiv>
          <Unicode>La commission prend connaissance d&#x27;une lettre</Unicode>
        </TextEquiv>
      </TextLine>
      <TextLine id="eSc_line_31cd3668" custom="structure {type:default;}">
        <Coords points="877,858 877,893 1116,882 1169,899 1171,899 1174,899 1284,885 1815,899 1818,899 1821,899 1881,882 2170,882 2170,858 2167,811 1686,819 1628,805 1625,805 1622,805 1620,805 1617,805 1598,819 1446,805 1444,805 1356,819 1336,805 1334,805 1331,805 1328,805 1180,819 1031,805 1028,805 1026,805 993,819 957,805 954,805 951,805 877,819 877,858"/>
        <Baseline points="879,859 2173,859"/>
        <TextEquiv>
          <Unicode>de M^r. Eberli qui s&#x27;est fait un plaie à la main</Unicode>
        </TextEquiv>
      </TextLine>
      <TextLine id="eSc_line_19b661a3" custom="structure {type:default;}">
        <Coords points="863,937 863,959 1991,962 1997,935 1991,899 861,896 863,937"/>
        <Baseline points="864,939 1999,936"/>
        <TextEquiv>
          <Unicode>et il s&#x27;est produit une infection. Quelle sera</Unicode>
        </TextEquiv>
      </TextLine>
      <TextLine id="eSc_line_2320ca76" custom="structure {type:default;}">
        <Coords points="872,1001 869,1031 2178,1034 2184,1006 2178,970 2082,970 2063,951 2060,951 2057,951 2054,951 1969,968 1510,951 1507,951 1504,951 1463,970 1345,970 1281,951 1279,951 1276,951 1273,951 1237,970 995,970 872,951 872,1001"/>
        <Baseline points="874,1001 1391,1014 2186,1007"/>
        <TextEquiv>
          <Unicode>l&#x27;attitude de l&#x27;assurance ? Eberli a repris le service.</Unicode>
        </TextEquiv>
      </TextLine>
      <TextLine id="eSc_line_06ec60d8" custom="structure {type:default;}">
        <Coords points="918,1078 916,1105 1545,1127 1548,1127 1625,1113 2060,1130 2063,1130 2170,1116 2173,1089 2170,1039 1942,1031 1939,1031 1862,1047 1746,1028 1744,1028 1741,1028 1694,1045 1592,1028 1589,1028 1587,1028 1545,1045 1474,1025 1471,1025 1468,1025 1466,1025 1416,1042 1023,1028 1020,1028 1017,1028 987,1039 954,1023 951,1023 949,1023 946,1023 918,1036 918,1078"/>
        <Baseline points="921,1080 2175,1091"/>
        <TextEquiv>
          <Unicode>Le conseil d&#x27;Etat a accepté le recours de M^me. Rey</Unicode>
        </TextEquiv>
      </TextLine>
      <TextLine id="eSc_line_2ed147f5" custom="structure {type:default;}">
        <Coords points="863,1155 861,1196 1059,1188 1141,1207 1383,1188 1532,1210 1537,1210 1570,1193 1611,1204 1746,1190 1966,1210 2021,1193 2024,1163 2016,1113 1810,1122 1738,1108 1683,1122 1598,1108 1584,1124 1479,1124 1452,1105 1378,1119 1358,1105 1171,1105 1144,1119 1114,1105 1103,1105 1086,1122 949,1122 863,1102 863,1155"/>
        <Baseline points="864,1155 1348,1168 2025,1164"/>
        <TextEquiv>
          <Unicode>qui aura droit à la pension d&#x27;une façon</Unicode>
        </TextEquiv>
      </TextLine>
      <TextLine id="eSc_line_186d1829" custom="structure {type:default;}">
        <Coords points="855,1229 852,1270 921,1259 1028,1267 1034,1234 1031,1174 855,1179 855,1229"/>
        <Baseline points="857,1230 1037,1236"/>
        <TextEquiv>
          <Unicode>définitive.</Unicode>
        </TextEquiv>
      </TextLine>
      <TextLine id="eSc_line_424b2377" custom="structure {type:default;}">
        <Coords points="929,1303 927,1344 2129,1347 2134,1314 2123,1254 2087,1267 1969,1254 1966,1254 1812,1267 1790,1254 1788,1254 1785,1254 1782,1254 1700,1267 1644,1254 1642,1254 1639,1254 1435,1267 1408,1251 1405,1251 1402,1251 1400,1251 1397,1251 1394,1251 1369,1265 1075,1251 1072,1251 1070,1251 1017,1265 929,1251 929,1303"/>
        <Baseline points="930,1305 1367,1320 2136,1316"/>
        <TextEquiv>
          <Unicode>Plusieurs maisons ont envoyé des devis pour la</Unicode>
        </TextEquiv>
      </TextLine>
      <TextLine id="eSc_line_924ba73e" custom="structure {type:default;}">
        <Coords points="869,1388 866,1416 932,1432 935,1432 1045,1416 1119,1416 1136,1430 1136,1432 1138,1432 1141,1432 1144,1432 1422,1416 1521,1432 1523,1432 1526,1432 1581,1419 1642,1435 1644,1435 1647,1435 1650,1435 1708,1419 1768,1435 1771,1435 1774,1435 2065,1416 2068,1394 2065,1347 869,1344 869,1388"/>
        <Baseline points="870,1391 2070,1395"/>
        <TextEquiv>
          <Unicode>fourniture de 2 chaudières &amp; pr ls réparations</Unicode>
        </TextEquiv>
      </TextLine>
      <TextLine id="eSc_line_6d819f06" custom="structure {type:default;}">
        <Coords points="866,1463 863,1485 1188,1504 1191,1504 1336,1493 1353,1507 1356,1507 1358,1507 1361,1507 1559,1493 1562,1468 1559,1430 1331,1413 1328,1413 1246,1424 1213,1410 1210,1410 1207,1410 1141,1424 866,1421 866,1463"/>
        <Baseline points="868,1464 1564,1470"/>
        <TextEquiv>
          <Unicode>La sou-commission rapportera.</Unicode>
        </TextEquiv>
      </TextLine>
      <TextLine id="eSc_line_4ece3951" custom="structure {type:default;}">
        <Coords points="940,1537 938,1567 1309,1581 1314,1551 1309,1493 1243,1509 1171,1509 1144,1487 1141,1487 1138,1487 1136,1487 1133,1487 1097,1504 1061,1487 1059,1487 1056,1487 1053,1487 1050,1487 1031,1501 940,1490 940,1537"/>
        <Baseline points="941,1539 1316,1551"/>
        <TextEquiv>
          <Unicode>Rien d&#x27;anormal</Unicode>
        </TextEquiv>
      </TextLine>
      <TextLine id="eSc_line_aa6c8461" custom="structure {type:default;}">
        <Coords points="954,1619 954,1650 1655,1644 1658,1617 1653,1567 951,1564 954,1619"/>
        <Baseline points="956,1620 1659,1618"/>
        <TextEquiv>
          <Unicode>Recettes de Mai 19 455.65</Unicode>
        </TextEquiv>
      </TextLine>
      <TextLine id="eSc_line_e00f47e9" custom="structure {type:default;}">
        <Coords points="954,1688 954,1729 1661,1729 1661,1688 1661,1652 1631,1639 1628,1639 1625,1639 1622,1639 1592,1652 1433,1639 1430,1639 1193,1652 1138,1639 1136,1639 1133,1639 1048,1652 954,1639 954,1688"/>
        <Baseline points="956,1691 1663,1691"/>
        <TextEquiv>
          <Unicode>Dépenses &quot; 45 445.30</Unicode>
        </TextEquiv>
      </TextLine>
      <TextLine id="eSc_line_6a57dfd1" custom="structure {type:default;}">
        <Coords points="883,1765 880,1795 1488,1795 1501,1806 1501,1809 1504,1809 1507,1809 1510,1809 1664,1795 1777,1809 1779,1809 1972,1795 1991,1809 1994,1809 1997,1809 1999,1809 2002,1809 2063,1793 2065,1771 2065,1724 883,1713 883,1765"/>
        <Baseline points="885,1766 2066,1772"/>
        <TextEquiv>
          <Unicode>Le chiffre élevé des dépenses provient surtout de</Unicode>
        </TextEquiv>
      </TextLine>
      <TextLine id="eSc_line_84492582" custom="structure {type:default;}">
        <Coords points="872,1834 869,1859 1356,1878 1361,1848 1361,1806 1339,1787 1339,1784 1336,1784 1334,1784 1331,1784 1174,1801 1152,1784 1152,1782 1149,1782 1147,1782 1144,1782 1061,1798 872,1773 872,1834"/>
        <Baseline points="874,1836 1363,1849"/>
        <TextEquiv>
          <Unicode>l&#x27;achat de charbons</Unicode>
        </TextEquiv>
      </TextLine>
      <TextLine id="eSc_line_e234ea48" custom="structure {type:default;}">
        <Coords points="973,1905 971,1944 1444,1944 1562,1958 1565,1958 1567,1958 1570,1958 1592,1944 1683,1944 1722,1966 1724,1966 1727,1966 1818,1952 2098,1966 2104,1936 2098,1872 2057,1892 2010,1870 2008,1870 2005,1870 1906,1889 1859,1875 1856,1875 1854,1875 1702,1883 1565,1859 1419,1856 1416,1856 1413,1856 1411,1856 1411,1859 1394,1875 1353,1853 1350,1853 1347,1853 1185,1870 973,1848 973,1905"/>
        <Baseline points="975,1907 2106,1937"/>
        <TextEquiv>
          <Unicode>2249 journées au 31 Mai en plus / 1914.</Unicode>
        </TextEquiv>
      </TextLine>
      <TextLine id="eSc_line_5b02dd23" custom="structure {type:default;}">
        <Coords points="918,1993 916,2015 962,2032 965,2032 968,2032 1185,2018 2065,2032 2071,2002 2068,1963 1884,1963 1859,1947 1856,1947 1854,1947 1851,1947 1768,1960 1686,1944 1683,1944 1026,1955 918,1941 918,1993"/>
        <Baseline points="919,1995 2074,2004"/>
        <TextEquiv>
          <Unicode>La question du charbon parait s&#x27;arranger.</Unicode>
        </TextEquiv>
      </TextLine>
      <TextLine id="eSc_line_a492193d" custom="structure {type:default;}">
        <Coords points="869,2070 866,2101 1141,2092 1477,2109 1479,2109 1559,2095 1933,2112 1939,2079 1939,2037 869,2024 869,2070"/>
        <Baseline points="872,2072 1941,2081"/>
        <TextEquiv>
          <Unicode>Nous sommes pourvus pour un certain temps.</Unicode>
        </TextEquiv>
      </TextLine>
      <TextLine id="eSc_line_94ede595" custom="structure {type:default;}">
        <Coords points="968,2139 965,2169 2208,2197 2214,2161 2214,2123 1999,2117 1914,2095 1911,2095 1766,2114 1713,2092 1711,2092 1708,2092 1606,2112 1477,2095 1474,2095 1237,2103 1218,2087 1218,2084 1215,2084 1213,2084 1210,2084 1207,2084 1158,2098 1108,2081 1105,2081 1103,2081 968,2092 968,2139"/>
        <Baseline points="971,2141 2216,2163"/>
        <TextEquiv>
          <Unicode>Ls employés avaient demandé un Règlement de</Unicode>
        </TextEquiv>
      </TextLine>
      <TextLine id="eSc_line_893a897b" custom="structure {type:default;}">
        <Coords points="858,2224 855,2255 2107,2257 2112,2233 2107,2183 1887,2194 1677,2169 1675,2169 1672,2169 1669,2169 1647,2186 1581,2175 1578,2175 1510,2189 1479,2167 1477,2167 1474,2167 1361,2164 1358,2164 1356,2164 1301,2186 1290,2175 1290,2172 1287,2172 1284,2172 1281,2172 1279,2172 1276,2172 1265,2180 1246,2167 1243,2167 1240,2167 1237,2167 1158,2175 1111,2161 1108,2161 1105,2161 1103,2161 1100,2161 1067,2183 858,2183 858,2224"/>
        <Baseline points="861,2226 1271,2229 1417,2222 2115,2235"/>
        <TextEquiv>
          <Unicode>service. Il y a un Règlement général qui date</Unicode>
        </TextEquiv>
      </TextLine>
      <TextLine id="eSc_line_f9afa181" custom="structure {type:default;}">
        <Coords points="863,2329 2032,2340 2038,2310 2030,2252 1986,2266 1851,2252 1848,2252 1744,2266 1452,2246 1449,2246 1224,2260 1202,2246 1199,2246 1196,2246 1193,2246 1045,2257 979,2244 976,2244 885,2257 872,2246 866,2299 863,2329"/>
        <Baseline points="868,2299 2040,2310"/>
        <TextEquiv>
          <Unicode>de la fondation de l’asile auquel tous ls</Unicode>
        </TextEquiv>
      </TextLine>
      <TextLine id="eSc_line_57c8a74f" custom="structure {type:default;}">
        <Coords points="869,2406 2010,2417 2016,2387 2013,2345 1895,2329 1892,2329 1889,2329 1851,2343 1777,2323 1774,2323 1771,2323 1768,2323 1713,2337 1686,2321 1683,2321 1680,2321 1677,2321 1518,2340 1446,2318 1444,2318 1441,2318 1160,2337 1012,2315 1009,2315 913,2334 877,2312 872,2376 869,2406"/>
        <Baseline points="874,2376 2017,2387"/>
        <TextEquiv>
          <Unicode>employés doivent se soumettre. Un nouveau</Unicode>
        </TextEquiv>
      </TextLine>
      <TextLine id="eSc_line_4bea60a1" custom="structure {type:default;}">
        <Coords points="872,2444 869,2480 1705,2483 1711,2455 1708,2409 872,2403 872,2444"/>
        <Baseline points="874,2447 1712,2458"/>
        <TextEquiv>
          <Unicode>règlement n&#x27;est pas nécessaire.</Unicode>
        </TextEquiv>
      </TextLine>
      <TextLine id="eSc_line_a8c1b69c" custom="structure {type:default;}">
        <Coords points="883,2530 880,2552 2192,2568 2197,2543 2192,2486 2131,2502 2030,2486 1944,2502 1878,2483 1870,2483 1821,2499 1705,2483 1680,2499 1647,2480 1639,2480 1606,2497 1521,2480 1427,2497 1411,2477 1400,2477 1347,2494 1314,2477 1303,2477 1276,2494 1232,2480 1158,2494 1133,2475 1122,2475 1072,2491 954,2475 883,2486 883,2530"/>
        <Baseline points="885,2531 2199,2546"/>
        <TextEquiv>
          <Unicode>La question ds employés étrangers a attiré l&#x27;attention</Unicode>
        </TextEquiv>
      </TextLine>
      <TextLine id="eSc_line_1ebb92eb" custom="structure {type:default;}">
        <Coords points="855,2631 2131,2642 2137,2623 2134,2574 1931,2579 1873,2563 1870,2563 1867,2563 1752,2576 1727,2560 1724,2560 1722,2560 1719,2560 1716,2560 1686,2571 1666,2554 1664,2554 1661,2554 1543,2554 1540,2554 1537,2554 1534,2554 1534,2557 1518,2574 1441,2574 1416,2552 1413,2552 1411,2552 1358,2552 1356,2552 1353,2552 1350,2552 1325,2571 1284,2549 1281,2549 1279,2549 1276,2549 1210,2568 1004,2549 1001,2549 927,2565 861,2546 858,2607 855,2631"/>
        <Baseline points="861,2608 2139,2625"/>
        <TextEquiv>
          <Unicode>du Directeur. Il existe à Bel-Air, comme à</Unicode>
        </TextEquiv>
      </TextLine>
      <TextLine id="eSc_line_0c21488a" custom="structure {type:default;}">
        <Coords points="869,2678 866,2708 2192,2728 2197,2697 2197,2645 2159,2631 2156,2631 2153,2631 2151,2631 2148,2631 2118,2651 2016,2634 2013,2634 1865,2648 1746,2626 1744,2626 1741,2626 1738,2626 1738,2629 1719,2648 1647,2648 1611,2623 1609,2623 1606,2623 1603,2623 1496,2640 1441,2620 1438,2620 1435,2620 1265,2640 1125,2623 1122,2623 1119,2623 1075,2637 869,2612 869,2678"/>
        <Baseline points="870,2679 2199,2698"/>
        <TextEquiv>
          <Unicode>l&#x27;hôpital ds employés étrangers. Il faut en employer</Unicode>
        </TextEquiv>
      </TextLine>
      <TextLine id="eSc_line_20585461" custom="structure {type:default;}">
        <Coords points="869,2750 866,2783 888,2791 891,2791 894,2791 896,2791 938,2769 1001,2794 1004,2794 1174,2796 1177,2796 1394,2777 1438,2791 1441,2791 1444,2791 1540,2783 1559,2802 1559,2805 1562,2805 1565,2805 1567,2805 1570,2805 1628,2783 1686,2802 1688,2802 1691,2802 1771,2785 1821,2802 1823,2802 1826,2802 1829,2802 1851,2791 2085,2805 2090,2774 2087,2728 869,2711 869,2750"/>
        <Baseline points="872,2751 2091,2775"/>
        <TextEquiv>
          <Unicode>le moins possible quand on peut trouver des</Unicode>
        </TextEquiv>
      </TextLine>
      <TextLine id="eSc_line_2af1f784" custom="structure {type:default;}">
        <Coords points="869,2829 866,2862 962,2854 1039,2873 1141,2851 1166,2873 1174,2873 1331,2854 1372,2868 1460,2857 1482,2873 1496,2873 1518,2860 1567,2882 1705,2860 1771,2882 1955,2882 1958,2843 1955,2802 1873,2783 1812,2799 1755,2777 1647,2777 1600,2796 1551,2774 1471,2794 1375,2772 1367,2772 1339,2788 1301,2772 1290,2772 1268,2791 1221,2772 1133,2788 1108,2769 1097,2769 1056,2788 869,2783 869,2829"/>
        <Baseline points="872,2831 1363,2829 1959,2846"/>
        <TextEquiv>
          <Unicode>nationaux. La direction fera pour la mieux.</Unicode>
        </TextEquiv>
      </TextLine>
      <TextLine id="eSc_line_ca7ac64a" >
        <Coords points="954,2904 951,2937 1232,2945 1235,2945 1353,2928 1380,2948 1383,2948 1386,2948 1389,2948 1490,2931 1790,2953 1793,2953 1796,2953 1799,2953 1812,2942 1829,2959 1832,2959 1834,2959 1837,2959 1840,2959 1878,2942 2065,2967 2068,2967 2137,2953 2140,2931 2140,2876 954,2851 954,2904"/>
        <Baseline points="956,2905 1447,2908 2141,2934"/>
        <TextEquiv>
          <Unicode>M^r. Guyon qui possède un terrain derrière le</Unicode>
        </TextEquiv>
      </TextLine>
      <TextLine id="eSc_line_aac57959" custom="structure {type:default;}">
        <Coords points="880,3005 1133,3027 1136,3030 1180,3030 1180,3027 1185,3027 1202,3008 1237,3027 1246,3027 1301,3005 1358,3019 1518,3011 1545,3027 1622,3014 1705,3041 1834,3047 1906,3025 2046,3027 2074,3047 2082,3047 2131,3036 2134,3016 2131,2970 1958,2967 1936,2948 1936,2945 1925,2945 1873,2961 1834,2942 1554,2953 1526,2934 1515,2934 1468,2950 1397,2931 1259,2945 1191,2928 1141,2942 1122,2926 1034,2939 1009,2920 998,2920 949,2937 885,2917 880,3005"/>
        <Baseline points="885,2982 1543,2988 2136,3019"/>
        <TextEquiv>
          <Unicode>domaine de Bel-Air demande que lui et sa</Unicode>
        </TextEquiv>
      </TextLine>
    </TextRegion>
    <TextRegion id="eSc_textblock_5cc0c9ca"  custom="structure {type:MarginTextZone;}">
      <Coords points="471,1944 471,2057 690,2057 690,1944"/>
      <TextLine id="eSc_line_abe85f00" custom="structure {type:CustomLine;}">
        <Coords points="561,1944 533,1944 506,1944 478,1944 475,1982 473,2010 632,2024 638,1996 638,1952 569,1944 561,1944"/>
        <Baseline points="478,1984 639,1999"/>
        <TextEquiv>
          <Unicode>Charbon</Unicode>
        </TextEquiv>
      </TextLine>
    </TextRegion>
    <TextRegion id="eSc_textblock_52b9fc8d"  custom="structure {type:MarginTextZone;}">
      <Coords points="431,2085 431,2209 853,2209 853,2085"/>
      <TextLine id="eSc_line_b8df0fcb" custom="structure {type:CustomLine;}">
        <Coords points="684,2087 682,2087 550,2103 530,2087 528,2087 500,2087 473,2087 445,2087 445,2142 442,2194 481,2211 484,2211 486,2211 635,2200 651,2213 651,2216 654,2216 657,2216 660,2216 662,2216 720,2202 830,2216 836,2153 833,2109 734,2109 687,2087 684,2087"/>
        <Baseline points="446,2143 838,2154"/>
        <TextEquiv>
          <Unicode>Règlement de service</Unicode>
        </TextEquiv>
      </TextLine>
    </TextRegion>
    <TextRegion id="eSc_textblock_2f6f3a05"  custom="structure {type:MarginTextZone;}">
      <Coords points="424,2464 424,2606 819,2606 819,2464"/>
      <TextLine id="eSc_line_01b4c7b3" custom="structure {type:CustomLine;}">
        <Coords points="649,2466 621,2466 594,2466 574,2466 500,2475 481,2466 456,2466 453,2513 448,2574 794,2587 803,2535 800,2486 720,2488 649,2466 649,2466"/>
        <Baseline points="456,2514 804,2537"/>
        <TextEquiv>
          <Unicode>Employés étrangers</Unicode>
        </TextEquiv>
      </TextLine>
    </TextRegion>
    <TextRegion id="eSc_textblock_92ccf4ea"  custom="structure {type:MarginTextZone;}">
      <Coords points="429,2829 429,2989 866,2989 866,2829"/>
      <TextLine id="eSc_line_3cabb03d" custom="structure {type:CustomLine;}">
        <Coords points="437,2829 434,2887 431,2931 844,2983 852,2909 847,2851 819,2860 775,2840 772,2840 770,2840 701,2854 657,2835 654,2835 651,2835 544,2846 448,2829 437,2829"/>
        <Baseline points="435,2889 853,2910"/>
        <TextEquiv>
          <Unicode>Demande Monsieur Guyon</Unicode>
        </TextEquiv>
      </TextLine>
    </TextRegion>
    <TextRegion id="eSc_textblock_5462dce1"  custom="structure {type:text;}">
      <Coords points="1,608 1,610 0,610 0,608"/>
    </TextRegion>
    <TextRegion id="eSc_textblock_3b2dbc41"  custom="structure {type:text;}">
      <Coords points="1,520 1,522 0,522 0,520"/>
    </TextRegion>
    <TextRegion id="eSc_textblock_f6c096af"  custom="structure {type:text;}">
      <Coords points="1,1408 1,1409 0,1409 0,1408"/>
    </TextRegion>
    <TextRegion id="eSc_textblock_bc8c3742"  custom="structure {type:text;}">
      <Coords points="1,418 1,419 0,419 0,418"/>
    </TextRegion>
    <TextRegion id="eSc_textblock_924cba9e"  custom="structure {type:text;}">
      <Coords points="1,1371 1,1373 0,1373 0,1371"/>
    </TextRegion>
    <TextRegion id="eSc_textblock_08893e31"  custom="structure {type:text;}">
      <Coords points="1,1349 1,1351 0,1351 0,1349"/>
    </TextRegion>
    <TextRegion id="eSc_textblock_1f4b3ba4"  custom="structure {type:text;}">
      <Coords points="1,1246 1,1248 0,1248 0,1246"/>
    </TextRegion>
  </Page>
</PcGts>
