2550 3300
979 313 1812 440 Séance du 9 Février 1915
750 481 2032 569 Présidence de M^. de Conseiller d'Etat Mussard
803 552 2057 668 Membres présents MM. Falquet, Bochet, Weber et
756 643 1931 745 Couchet - Excusés : M. Perthon et Navazza
324 800 651 924 D^elle.  de Sergent
352 1036 533 1152 D^me. Rey
338 1287 731 1397 Girod, électricien
343 1661 671 1729 Etat civil des
décèdes
770 805 2093 888 Lettre du directeur concernant la tentative de
772 874 2131 976 suicide de Dame de Sergent ; pas de suites gra-
1122 855 1213 915 ^elle
764 962 888 1034 ves.
816 1045 2071 1133 M^me.  Rey n'a pas encore signé la convention
772 1102 2148 1190 relative à sa pension, en suite de sa démission
767 1190 1320 1287 pour cause de santé.
819 1278 2123 1353 Lettre de M^. Girod, électricien relative à son
770 1344 2082 1424 indemnité parce qu'il ne boit pas de vin. La
783 1410 2074 1515 commission estime qu'il n'y à pas lieu de lui
783 1487 2068 1592 accorder plus que les 5 fr. donnés à tous les
786 1581 1259 1674 employés hommes
819 1661 2093 1735 La direction signale les difficultés nouvelles que
778 1724 2137 1820 lui suscite le maire de Thonex pour l'inscription
781 1806 2079 1894 des décès, et la visite du médecin inspecteur. La
786 1875 2142 1985 lettre a été envoyée au dep^t. de Justice et police
797 1958 1182 2040 pour décision.
811 2054 2046 2123 Le matelassier était jusqu'à ce jour un des
794 2109 2118 2208 malades. Il a un cancer et a du être remplacé
792 2189 1859 2274 dans ce service par une infirmier.
830 2285 1655 2354 Les recettes de Janvier sont de
838 2343 1559 2433 les dépenses ""
1411 2425 1578 2538 Déficit
792 2508 2065 2609 Plus fort qu'en 1914 par suite de l'obligation
800 2574 1812 2681 de payer comptant le combustible
841 2670 2156 2750 Plusieurs des poteaux de l'avenue sont en mau-
819 2719 2145 2843 sais état. Le directeur est chargé de voir avec
808 2813 2129 2926 la commune si elle ne prolongerait pas la
822 2882 1898 3003 canalisation pour l'eclairage au gaz.
825 2970 2126 3096 Le fermier demande une diminution du prix
363 2048 646 2153 Matelassier
341 2279 731 2392 Rapports du mois
1760 2282 2060 2365 16.567^F.85
1768 2343 2065 2420 38.630.10
1766 2425 2054 2508 22.062^F,55
352 2648 759 2788 Poteaux électriques
379 2948 662 3047 Fermier
